2072 3811
385 610 627 671 integrum
676 625 772 654 una
820 624 929 653 eum
970 608 1194 655 omnibus
1237 609 1466 655 dentibus
1512 609 1562 654 in
1616 613 1777 654 nostro

383 701 548 731 museo
618 684 838 730 occurrit.
928 682 1072 734 Quod
1143 683 1181 729 si
1251 684 1372 729 tales
1440 684 1778 730 adnotationes

382 760 563 819 ubique
601 759 805 805 adiicere
846 757 1254 815 sustinuissemus,
1293 758 1438 820 justae
1476 759 1617 804 molis
1655 757 1779 803 liber

386 835 645 880 exstitisset
672 834 776 879 1000
805 833 1040 894 Catalogi.

516 910 574 954 In
630 924 810 965 museo,
860 907 1003 968 quale
1054 907 1148 953 hoe
1195 913 1413 953 nostrum
1463 906 1777 969 Zoologieum

382 989 468 1039 est,
517 982 617 1028 fere
664 997 817 1027 meras
859 981 1073 1027 exoticas
1121 997 1296 1041 easque
1343 982 1608 1027 rarissimas
1656 996 1781 1026 com-

381 1057 622 1118 plectente
675 1057 870 1116 speeies,
927 1057 1217 1115 neutiquam
1271 1057 1434 1102 omnia
1487 1057 1531 1102 &
1589 1055 1781 1116 singula

382 1131 678 1193 exemplaria
726 1132 950 1176 omnibus
994 1131 1209 1176 numeris
1257 1132 1510 1190 modisque
1557 1130 1782 1176 absoluta

380 1206 594 1267 reperiri,
643 1221 800 1265 neque
849 1205 907 1249 ad
962 1204 1261 1250 fastidiosam
1319 1205 1639 1251 delicatorum
1695 1204 1781 1249 ho-

383 1282 569 1326 minum
639 1279 970 1341 mierologiam
1031 1279 1187 1324 nitere
1253 1295 1406 1339 posse,
1467 1279 1779 1339 quemadmo-

379 1357 495 1401 dum
538 1371 612 1401 res
653 1354 912 1410 naturales,
954 1369 1060 1413 quae
1103 1353 1233 1398 domi
1270 1354 1313 1398 &
1351 1354 1401 1398 in
1444 1353 1626 1414 partria
1651 1352 1783 1398 00111-

380 1437 573 1490 guntur,
606 1437 752 1489 atque
782 1429 831 1474 in
871 1428 1049 1488 quibus
1090 1428 1406 1488 anquirendis
1448 1429 1599 1474 libera
1635 1429 1781 1473 datur

379 1505 506 1550 inter
553 1504 732 1549 multas
779 1502 996 1564 ejusdem
1047 1502 1215 1548 formae
1263 1503 1423 1564 optio:
1484 1504 1532 1548 id
1581 1503 1779 1562 quidem

382 1595 467 1639 per
509 1595 557 1624 se
604 1578 911 1639 intelligitur.
1000 1577 1227 1623 Ceterum
1278 1578 1438 1623 omnia
1486 1577 1783 1639 exemplaria

381 1654 432 1698 in
479 1669 654 1713 genere
703 1659 812 1698 sunt
861 1652 1063 1714 integra,
1113 1660 1339 1712 reeteque
1389 1661 1585 1700 servata.
1682 1652 1782 1698 Ubi

383 1734 544 1772 autem
588 1734 748 1788 partes
787 1727 846 1772 ad
886 1726 1039 1788 ipsam
1081 1734 1303 1772 naturam
1347 1728 1645 1787 pertinentes
1688 1727 1782 1788 pri-

383 1801 543 1846 mariae
600 1801 788 1857 desunt,
844 1809 897 1846 ut
952 1801 1002 1846 in
1055 1801 1306 1846 nonnullis
1368 1801 1646 1861 paradiseis,
1710 1801 1780 1846 ibi

382 1892 491 1921 cum
517 1876 609 1921 fide
635 1876 810 1921 diserte
837 1876 1185 1921 adnotavimus.

517 1950 577 1995 In
634 1952 764 1996 omni
820 1951 927 2005 hoe,
981 1966 1127 2009 quam
1186 1950 1330 2013 longe
1382 1952 1577 2012 lateque
1630 1957 1780 2013 patet,

381 2041 542 2071 rerum
613 2025 908 2070 naturalium
992 2025 1235 2080 thesauro,
1306 2027 1498 2072 nullum
1575 2027 1781 2073 occurrit

381 2098 640 2159 exemplar,
690 2100 819 2158 quod
867 2105 968 2145 arte
1021 2099 1235 2145 humana
1283 2107 1521 2161 paratum,
1574 2108 1660 2147 aut
1712 2102 1782 2146 ita

382 2189 530 2218 manu
579 2173 773 2218 artificis
822 2174 1143 2234 compositum
1193 2175 1270 2230 sit,
1318 2182 1373 2221 ut
1428 2192 1550 2222 nova
1605 2166 1781 2222 existat

382 2247 561 2308 speeies
591 2247 740 2293 invita
778 2253 964 2303 natura,
1000 2264 1144 2307 quem
1179 2249 1238 2293 ad
1284 2250 1479 2295 modum
1520 2251 1571 2295 in
1602 2251 1780 2297 museis

381 2322 745 2384 entomologieis
806 2338 1172 2382 nonnumquam
1236 2340 1325 2369 usu
1383 2326 1574 2372 evenire
1630 2326 1779 2381 solet3

382 2413 435 2441 110
478 2412 562 2443 ve
608 2395 789 2442 factum
832 2405 903 2442 est
945 2397 993 2442 111
1036 2397 1298 2458 papilione,
1349 2415 1493 2459 quem
1533 2417 1561 2446 a
1603 2400 1663 2446 V.
1707 2400 1778 2446 Cl.

381 2469 696 2516 d’Aubenton
745 2470 943 2516 miscell.
976 2477 1008 2516 t.
1039 2471 1116 2516 44.
1149 2470 1181 2517 f.
1219 2472 1261 2518 3.
1301 2473 1344 2519 4.
1395 2474 1643 2535 depictum
1692 2476 1779 2520 sub

381 2545 576 2590 nomine
628 2545 867 2590 Miltiadis
916 2545 1112 2590 civitate
1171 2546 1320 2592 11111110
1367 2549 1578 2607 equestri
1628 2549 1782 2610 digni-

382 2625 481 2664 tate
552 2620 851 2664 donaverunt
901 2620 989 2664 viri
1058 2620 1204 2676 (loeti,
1266 2622 1456 2668 etiamsi
1516 2641 1541 2670 e
1592 2624 1782 2668 duobus

381 2694 724 2756 papilionibus,
795 2710 969 2754 nempe
1039 2710 1097 2739 ex
1170 2695 1421 2752 Demoleo,
1494 2710 1639 2757 atque
1723 2713 1782 2742 ex

385 2768 619 2814 Podalirii
667 2768 755 2813 alis
794 2768 1087 2814 secundariis
1128 2770 1387 2817 manifesto
1432 2772 1493 2817 sit
1532 2773 1778 2818 conflatus.

383 2843 495 2888 Non
547 2850 632 2897 est,
688 2858 771 2887 our
827 2843 1142 2889 emturientes
1195 2846 1254 2889 ab
1313 2845 1402 2891 hae
1462 2846 1547 2891 tali
1612 2846 1781 2894 frande

383 2918 474 2964 sibi
522 2922 718 2962 caveant
759 2917 807 2962 111
852 2917 1074 2962 auctione
1116 2926 1306 2974 nostr-(13
1351 2922 1544 2980 quando
1582 2923 1779 2981 quidem

1686 3013 1780 3041 11011
