2092 3837
978 1239 1028 1283 L.
1059 1239 1112 1283 B.
1141 1238 1187 1283 S.

473 1340 685 1386 fferimus
741 1338 853 1384 Tibi
910 1336 990 1382 hic
1050 1342 1237 1381 tomum
1299 1334 1509 1394 primum
1570 1332 1777 1392 catalogi

557 1415 659 1475 ejus
718 1412 885 1468 musei,
946 1412 1005 1456 de
1065 1409 1204 1471 cujus
1262 1408 1552 1464 venditione,
1613 1407 1778 1453 notiti-

386 1506 460 1535 am
509 1488 783 1548 quamdam,
833 1493 942 1530 ante
991 1484 1178 1543 aliquot
1230 1483 1571 1538 hebdomades,
1621 1480 1779 1542 publi-

385 1580 436 1609 ce
500 1561 924 1608 manifestavimus.
1021 1558 1331 1616 Quamquam
1389 1573 1498 1602 vero
1568 1555 1779 1601 historiae

384 1636 617 1683 naturalis
681 1635 864 1689 arbitri,
927 1633 1083 1694 primo
1147 1631 1308 1676 statim
1372 1631 1549 1676 obtutu
1604 1629 1780 1675 intelli-

387 1717 515 1771 gent,
575 1715 694 1770 quot
745 1709 887 1769 longe
943 1706 1182 1752 rarissima
1224 1705 1268 1750 Sc
1321 1704 1464 1765 plane
1520 1705 1662 1749 unica
1718 1704 1779 1749 ci-

388 1785 546 1841 melia,
589 1785 640 1829 in
683 1784 772 1828 hoc
814 1781 987 1844 regalis
1035 1780 1134 1826 fere
1178 1780 1548 1841 magnificentiae
1592 1780 1781 1825 thesau-

386 1877 438 1905 ro
495 1864 770 1905 occurrant:
830 1857 985 1902 nihilo
1034 1855 1188 1901 secius
1235 1862 1411 1910 tamen,
1464 1872 1557 1918 quo
1607 1855 1781 1901 clarius

386 1935 673 1988 elucescant,
733 1931 973 1977 rarissima
1042 1930 1219 1990 quaevis
1290 1930 1585 1990 exemplaria
1646 1930 1781 1990 signo

388 2007 773 2069 epiphonematis
799 2005 1068 2050 adiiciendo
1096 2004 1354 2066 indigitare
1379 2004 1579 2064 placuit.

521 2082 633 2127 Non
699 2087 784 2137 est,
846 2095 931 2125 cur
991 2095 1258 2135 vereamur,
1323 2094 1384 2124 ne
1449 2079 1784 2125 ostentationis

389 2157 529 2203 rariae
586 2162 750 2201 notam
812 2155 1086 2210 subeamus,
1135 2154 1328 2213 quando
1387 2153 1666 2209 adserimus,
1715 2154 1783 2198 in.-

389 2239 645 2286 crementa,
706 2246 811 2289 quae
872 2228 1122 2289 Zoologia,
1173 2228 1216 2273 ἃ
1270 2228 1467 2288 quidem
1519 2228 1783 2289 praesertim

391 2305 714 2366 ornithologia
797 2310 943 2364 atque
1025 2303 1353 2365 entomologia
1434 2303 1627 2364 ceperit,
1699 2319 1786 2363 per

390 2382 477 2426 hos
546 2379 790 2440 proximos
859 2394 1024 2433 annos,
1092 2378 1350 2423 novissima
1418 2384 1785 2438 memoratuque

391 2453 685 2516 dignissima,
713 2452 826 2497 huic
853 2468 1018 2497 museo
1045 2468 1219 2513 magna
1245 2468 1300 2497 ex
1325 2458 1461 2512 parte
1485 2453 1664 2498 deberi.

525 2527 606 2572 Illi
666 2527 933 2587 scriptores,
983 2526 1067 2585 qui
1127 2526 1176 2571 in
1225 2527 1550 2572 describendis
1600 2534 1784 2573 naturae

390 2602 585 2656 fetibus,
626 2601 803 2660 quibus
845 2600 947 2646 haec
986 2616 1103 2662 gaza
1144 2601 1328 2661 repleta
1361 2607 1446 2657 est,
1489 2601 1648 2647 adhuc
1689 2618 1786 2647 ver-

394 2676 479 2723 sati
554 2682 678 2730 sunt,
751 2676 1128 2734 haudquaquam
1198 2676 1393 2736 penitus
1458 2677 1787 2722 exhauserunt

394 2751 589 2796 divitem
658 2750 783 2794 hanc
847 2765 1045 2802 venam;
1117 2751 1197 2795 sed
1261 2750 1422 2810 potius
1484 2751 1786 2811 reliquerunt

396 2823 651 2869 manifesto
712 2839 956 2884 magnum,
1012 2823 1289 2884 ignotarum
1342 2824 1437 2870 huc
1496 2841 1647 2884 usque
1706 2840 1787 2869 no-

397 2899 600 2945 vitatum
658 2898 972 2958 spicilegium.
1074 2897 1184 2948 Quo
1245 2914 1367 2953 vero,
1425 2899 1625 2944 dominii
1683 2915 1788 2959 par-

1629 2981 1790 3019 centes
