2072 3811
410 559 508 589 non
544 541 699 588 solum
736 540 839 600 ipse
876 536 1105 583 collector
1141 535 1296 581 musei
1332 534 1665 581 sollertissima
1698 548 1814 579 cura

410 620 573 667 omnia
630 617 833 670 factitia,
894 630 1001 674 quae
1061 619 1311 668 vocantur,
1372 612 1683 658 abominatus
1742 617 1813 656 est

410 714 499 744 ceu
544 702 731 757 pestem
784 694 829 739 &
885 707 1108 754 anguem,
1167 706 1228 736 ne
1288 689 1390 736 ulla
1442 690 1630 735 ratione
1688 688 1816 733 inter

412 775 603 822 cimelia
631 788 718 817 sua
746 770 1012 831 reciperet3
1050 784 1216 815 verum
1257 767 1405 813 etiam
1442 768 1616 813 iterato
1654 765 1814 811 studio

412 867 541 898 nunc
584 865 694 896 cum
737 847 930 910 singula
970 847 1021 892 in
1064 845 1341 907 catalogum
1383 843 1696 900 referrentur,
1735 859 1815 888 cu-

411 930 647 976 ratissime
704 932 817 973 sunt
869 923 1122 986 explorata
1167 924 1212 969 &
1266 939 1354 984 pro
1413 922 1639 985 genuinis
1692 937 1818 967 com-

413 1008 630 1067 probata.

545 1082 712 1133 Quum
767 1080 975 1126 indicem
1032 1079 1190 1123 denuo
1240 1077 1678 1138 perlustraremus:
1738 1075 1818 1120 In-

412 1162 632 1208 venimus
680 1159 909 1204 omissum
952 1155 1101 1202 fuisse
1148 1156 1461 1216 Dasypodem
1507 1169 1680 1198 novem
1720 1153 1818 1198 cin-

413 1246 545 1285 ctum
583 1238 723 1284 Linn.
757 1251 881 1297 spec.
924 1235 968 1280 6.
1005 1232 1374 1294 integerrimum
1411 1238 1558 1291 atque
1592 1231 1818 1276 omnibus

411 1316 625 1364 numeris
695 1313 992 1368 absolutum,
1063 1311 1182 1358 item
1254 1310 1553 1356 Phasianum
1624 1307 1813 1369 pictum

411 1395 550 1442 Linn.
592 1409 716 1455 spec.
758 1391 802 1439 5.
892 1391 1116 1450 Uterque
1159 1404 1244 1434 suo
1286 1388 1410 1444 loco,
1454 1402 1599 1447 quem
1643 1401 1703 1431 ex
1746 1402 1816 1448 sy-

414 1472 632 1520 stematis
657 1470 824 1516 ordine
851 1474 1071 1529 occupat,
1101 1467 1351 1512 vendetur.

545 1549 770 1610 Tempus,
829 1563 925 1606 quo
987 1544 1239 1606 conchylia
1288 1544 1333 1589 &
1393 1543 1577 1588 insecta
1633 1548 1818 1603 prosta-

413 1630 553 1684 bunt,
624 1626 675 1671 in
745 1623 1142 1686 ephemeridibus
1211 1620 1407 1682 publice
1478 1619 1812 1674 indicabitur;

412 1707 532 1752 item
589 1704 868 1749 eorumdem
923 1699 1224 1746 enumeratio
1273 1699 1325 1743 in
1378 1698 1568 1743 duobus
1614 1696 1818 1756 reliquis

413 1783 558 1829 tomis
605 1781 751 1826 huius
800 1777 1024 1839 catalogi,
1074 1777 1188 1822 satis
1237 1781 1426 1821 mature
1484 1774 1817 1830 exhibebitur,

414 1861 604 1907 Dabam
664 1856 955 1918 Hamburgi,
1021 1855 1108 1916 ips,
1168 1854 1284 1900 Kal.
1346 1852 1615 1914 Septembr.
1672 1851 1815 1898 1793.

414 1937 487 1985 M.
536 1935 652 1983 Ant.
692 1933 814 1997 Αῑιζχ.
863 1933 1013 1980 Henr.
1063 1931 1409 1985 Liclztensteioz,
1454 1929 1567 1976 Joh.
1609 1930 1818 1984 Rector;

417 2015 589 2064 Societ.
617 2013 752 2060 amic.
782 2018 941 2058 natur.
970 2009 1140 2057 curios.
1169 2009 1381 2055 Berolin.
1409 2007 1517 2054 coll.
1546 2012 1693 2053 exter.
