2072 3811
443 571 604 613 centes
660 569 955 612 sacrosancto
1008 563 1123 625 juri,
1173 563 1435 609 venditoris
1495 562 1657 624 potius
1712 576 1836 607 com-

443 642 600 697 modo,
677 655 822 700 quam
904 638 1098 699 proprie
1178 638 1394 698 gloriolae
1468 636 1834 684 inserviremus;

442 717 492 761 in
533 732 589 761 eo
637 713 989 774 adquievimus,
1036 718 1092 757 ut
1138 728 1283 757 novas
1330 728 1492 757 rerum
1540 709 1837 756 naturalium

442 789 623 850 species
666 787 1070 847 descriptionibus
1112 786 1367 831 succinctis
1409 785 1654 830 hodiernae
1702 783 1838 828 disci-

443 863 586 924 plinae
655 860 1047 915 accommodatis,
1110 859 1154 904 &
1225 859 1517 915 nominibus,
1588 874 1695 917 quae
1759 873 1839 902 ne·

442 937 559 982 mini
599 935 922 990 obtrudimus,
967 949 995 979 a
1037 934 1240 995 cognitis
1285 932 1388 994 Jam
1437 934 1624 993 pridem
1673 930 1839 976 formis

442 1010 880 1071 distingueremus:
952 1015 1093 1054 notas
1162 1024 1273 1054 vero
1342 1007 1523 1069 species
1593 1021 1840 1052 enumera-

443 1101 603 1130 remus
646 1084 908 1129 secundum
951 1082 1037 1128 illa
1073 1082 1285 1136 nomina,
1329 1082 1507 1141 quibus
1546 1080 1747 1142 singulae
1788 1080 1839 1124 in

442 1159 654 1205 editione
692 1158 1007 1204 Gmeliniana
1046 1156 1315 1217 systematis
1354 1156 1603 1202 Linnaeani
1641 1155 1840 1216 insigni-

442 1239 602 1278 untur.
677 1232 829 1277 Juxta
888 1231 1100 1291 quidem,
1160 1230 1245 1276 ubi
1305 1246 1418 1275 usus
1472 1229 1718 1290 postulare
1772 1228 1835 1273 vi-

440 1308 660 1362 debatur,
700 1306 868 1367 figurae
911 1305 1326 1367 chalcographicae
1364 1304 1588 1349 meliores
1629 1304 1838 1349 laudatae

440 1389 567 1436 sunt,
626 1397 737 1427 eum
795 1382 846 1426 in
906 1381 1067 1435 finem,
1117 1387 1173 1426 ut
1225 1379 1539 1425 emturientes
1587 1394 1614 1423 a
1660 1378 1838 1438 linguae

442 1456 625 1501 Latinae
649 1454 882 1501 facultate
921 1471 1091 1515 parum
1127 1453 1354 1500 instructi
1390 1459 1554 1498 curate
1580 1452 1834 1507 novislent,

441 1531 584 1592 quale
643 1530 886 1576 cimelium
947 1530 1035 1576 sub
1089 1529 1260 1589 quovis
1313 1528 1508 1573 nomine
1562 1526 1836 1588 intelligere

441 1606 513 1652 fas
560 1611 696 1652 esset.
770 1606 920 1651 Parca
969 1604 1126 1650 solum
1175 1604 1316 1649 modo
1360 1618 1471 1648 man
1515 1601 1837 1662 adspersimus

441 1681 789 1734 adnotationes,
868 1696 975 1739 quae
1045 1679 1331 1740 plerumque
1401 1678 1462 1723 ad
1542 1676 1839 1737 peculiarem

441 1755 791 1816 exemplarium
833 1754 912 1799 hic
957 1754 1232 1799 oblatorum
1273 1752 1489 1797 indolem
1533 1750 1752 1812 proxime
1792 1750 1837 1795 ἃ

440 1829 706 1876 necessario
776 1828 1038 1889 pertinent.
1151 1826 1339 1878 Quodsi
1409 1826 1469 1871 ad
1533 1826 1691 1887 justas
1762 1825 1839 1869 de-

442 1903 737 1964 scriptioneS,
810 1902 885 1947 vel
967 1903 1027 1946 ad
1097 1915 1472 1962 synonymorum
1543 1898 1838 1945 emendatio-

441 1994 552 2023 nem
611 1978 861 2022 decurrere
921 1975 1264 2021 voluissemus:
1336 1990 1434 2020 non
1503 1973 1653 2019 nullis
1711 1971 1836 2018 forte

440 2052 701 2098 lectoribus
766 2050 975 2096 indicem
1036 2049 1274 2112 ejusmodi
1332 2049 1700 2094 ratiocinantem
1760 2063 1838 2092 ex-

443 2127 668 2171 hibentes
727 2130 1006 2186 pergratum
1065 2122 1351 2176 fecerimus;
1413 2129 1462 2168 at
1521 2121 1839 2183 probabiliter

442 2199 684 2260 plerisque
724 2197 844 2244 tales
882 2199 1106 2259 ambages
1146 2213 1330 2242 moram
1379 2196 1668 2242 adtulissent
1715 2195 1836 2240 lenti

440 2273 569 2319 taedii
628 2273 834 2333 plenam.
906 2271 1142 2332 Alioquin
1201 2270 1424 2332 autopsia
1483 2270 1653 2330 utique
1713 2270 1836 2314 mul-

440 2357 545 2395 tum
598 2349 752 2401 docet,
807 2348 935 2409 quod
995 2347 1074 2392 vix
1132 2362 1186 2392 ac
1244 2362 1304 2391 ne
1363 2346 1444 2391 vix
1504 2346 1700 2405 quidem
1758 2346 1837 2390 de-

439 2422 720 2483 scriptiones
790 2436 944 2466 meras
1012 2420 1194 2480 legenti
1253 2420 1303 2465 in
1362 2426 1575 2465 mentem
1635 2419 1831 2464 venerit.

440 2498 517 2544 Sic
554 2513 594 2543 v.
634 2513 671 2542 c.
710 2497 833 2542 illud
876 2496 1055 2541 animal
1094 2496 1332 2557 ignotum,
1383 2496 1514 2555 quod
1560 2495 1606 2539 in
1652 2494 1836 2556 Anglia

439 2573 528 2618 sub
574 2571 770 2616 nomine
816 2570 1019 2615 monstri
1065 2570 1248 2615 leonini
1291 2576 1586 2616 ostentatum
1633 2567 1740 2624 fuit,
1790 2568 1834 2612 &

440 2647 499 2691 ab
547 2645 828 2691 hominibus
875 2645 1026 2690 doctis
1075 2644 1326 2705 Bradypus
1385 2644 1580 2689 ursinus
1631 2643 1831 2697 dictum,

439 2737 590 2780 eaque
649 2720 736 2766 sub
796 2720 1189 2765 denominatione
1249 2719 1543 2780 descriptum
1599 2724 1684 2772 est,
1742 2717 1835 2761 nisi

440 2795 633 2856 penitus
694 2794 935 2855 opinionis
994 2810 1152 2839 errore
1211 2794 1398 2839 animus
1453 2809 1529 2838 me
1576 2791 1718 2846 fallit,
1767 2792 1836 2836 ni-

440 2869 511 2914 hil
581 2868 714 2914 aliud
783 2875 900 2924 erat,
961 2868 1068 2923 nisi,
1129 2885 1214 2928 per
1272 2868 1549 2913 violentiam
1611 2865 1836 2911 dentibus

440 2943 730 3004 primoribus
769 2943 937 2988 orbata
973 2943 1109 2987 simia
1150 2942 1380 3001 porcaria,
1416 2941 1552 3002 cujus
1593 2939 1837 2999 exemplar

1766 3029 1837 3057 in-
